@article{zare2021silicone,
  title={Silicone-based biomaterials for biomedical applications: antimicrobial strategies and 3D printing technologies},
  author={Zare, Mina and Ghomi, Erfan Rezvani and Venkatraman, Prabhuraj D and Ramakrishna, Seeram},
  journal={Journal of Applied Polymer Science},
  volume={138},
  number={38},
  pages={50969},
  year={2021},
  publisher={Wiley Online Library}
}

@article{coulter2019bioinspired,
  title={Bioinspired heart valve prosthesis made by silicone additive manufacturing},
  author={Coulter, Fergal B and Schaffner, Manuel and Faber, Jakob A and Rafsanjani, Ahmad and Smith, Robin and Appa, Harish and Zilla, Peter and Bezuidenhout, Deon and Studart, Andr{\'e} R},
  journal={Matter},
  volume={1},
  number={1},
  pages={266--279},
  year={2019},
  publisher={Elsevier}
}

@inproceedings{lefort1983silicones,
  title={LES SILICONES{\textperiodcentered} SYNTHESE-PROPRIETES-APPLICATIONS},
  author={Lefort, M and Brison, P},
  booktitle={Annales de chimie--science des mat{\'e}riaux},
  volume={8},
  pages={175},
  year={1983},
  organization={Masson}
}

@article{ma2023improving,
  title={Improving 3D food printing performance using computer vision and feedforward nozzle motion control},
  author={Ma, Yizhou and Potappel, Jelle and Chauhan, Aneesh and Schutyser, Maarten AI and Boom, Remko M and Zhang, Lu},
  journal={Journal of Food Engineering},
  volume={339},
  pages={111277},
  year={2023},
  publisher={Elsevier}
}

@article{wu2023modeling,
  title={Modeling and feedforward control of filament advancement and retraction in material extrusion additive manufacturing},
  author={Wu, Pinyi and Qian, Chen and Okwudire, Chinedum E},
  journal={Additive Manufacturing},
  volume={78},
  pages={103850},
  year={2023},
  publisher={Elsevier}
}

@misc{foam_silicone, 
title={Chemical-resistant FIP/CIP gasket}, 
url={https://www.pcne.eu/article/chemical-resistant-fipcip-gasket/},
journal={PCNE.EU - Processing and Control News Europe}, 
publisher={PCNE.EU - Processing and Control News Europe}, 
author={PCNE.EU - Processing and Control News Europe}, 
year={2018}, 
month={May}} 

@misc{moulage_compression,
  author       = {Formlabs},
  year={2020},
  url = {https://formlabs.com/fr/blog/moulage-par-compression/},
  howpublished = {},
  title        = {Guide du moulage par compression, du prototypage à la production de masse}
}

@misc{moulage_injection, 
author = {ITC Elastomères},
url={https://www.itc-elastomeres.com/procedes/lsr/}, 
journal={ITC Élastomères}, 
year={2022}, 
month={Sep}
} 